<?xml version="1.0" encoding="UTF-8"?><collection xmlns="http://www.loc.gov/MARC21/slim"><record><leader>00391nam--2200133-i-4500</leader><controlfield tag="001">000003550</controlfield><controlfield tag="002">20161230</controlfield><controlfield tag="005">20170107121359</controlfield><controlfield tag="008">060222s1000------------r-----000-0-eng-d</controlfield><datafield ind1=" " ind2=" " tag="100"><subfield code="a">Buz©Łgh, Alad©Łr</subfield></datafield><datafield ind1=" " ind2=" " tag="245"><subfield code="a">Kolloidika. A kolloidk©♭mia ©♭s kolloidfizika k©♭zik©œnyve. II k©œtet l. r©♭sz</subfield></datafield><datafield ind1=" " ind2=" " tag="260"><subfield code="a">Budapest</subfield><subfield code="b">Egyetemi Nyomda</subfield><subfield code="c">1949</subfield></datafield><datafield ind1=" " ind2=" " tag="490"><subfield code="a">VII + 342 p</subfield></datafield><datafield ind1=" " ind2=" " tag="CAT"><subfield code="a">SYS</subfield><subfield code="c">20170107</subfield><subfield code="h">121359</subfield></datafield></record></collection>